@article{Jimenez2017,
   author = {C. A. Jiménez-Orjuela and H. Vinck-Posada and José M. Villas-Bôas},
   doi = {10.1103/PhysRevB.96.125303},
   issn = {2469-9950},
   issue = {12},
   journal = {Physical Review B},
   month = {9},
   pages = {125303},
   title = {Dark excitons in a quantum-dot–cavity system under a tilted magnetic field},
   volume = {96},
   year = {2017},
}

@article{Bin2020,
   author = {Qian Bin and Xin-You Lü and Fabrice P. Laussy and Franco Nori and Ying Wu},
   doi = {10.1103/PhysRevLett.124.053601},
   issn = {0031-9007},
   issue = {5},
   journal = {Physical Review Letters},
   month = {2},
   pages = {053601},
   title = {$N$-Phonon Bundle Emission via the Stokes Process},
   volume = {124},
   year = {2020},
}


@article{Vargas2022,
   author = {Vladimir Vargas-Calderón and Herbert Vinck-Posada and J. M. Villas-Boas},
   doi = {10.1103/PhysRevB.106.035305},
   issn = {2469-9950},
   issue = {3},
   journal = {Physical Review B},
   month = {7},
   pages = {035305},
   title = {Dark-exciton giant Rabi oscillations with no external magnetic field},
   volume = {106},
   year = {2022},
}
