@article{Reitzenstein2012,
   author = {S. Reitzenstein},
   doi = {10.1109/JSTQE.2012.2195159},
   issn = {1077-260X},
   issue = {6},
   journal = {IEEE Journal of Selected Topics in Quantum Electronics},
   month = {11},
   pages = {1733-1746},
   title = {Semiconductor Quantum Dot–Microcavities for Quantum Optics in Solid State},
   volume = {18},
   year = {2012},
}

@article{Bayer2001,
   author = {M. Bayer and T. L. Reinecke and F. Weidner and A. Larionov and A. McDonald and A. Forchel},
   doi = {10.1103/PhysRevLett.86.3168},
   issn = {0031-9007},
   issue = {14},
   journal = {Physical Review Letters},
   month = {4},
   pages = {3168-3171},
   title = {Inhibition and Enhancement of the Spontaneous Emission of Quantum Dots in Structured Microresonators},
   volume = {86},
   year = {2001},
}

@article{Reithmaier2004,
   author = {J. P. Reithmaier and G. S\c{e}k and A. L\"offler and C. Hofmann and S. Kuhn and S. Reitzenstein and L. V. Keldysh and V. D. Kulakovskii and T. L. Reinecke and A. Forchel},
   doi = {10.1038/nature02969},
   issn = {0028-0836},
   issue = {7014},
   journal = {Nature},
   month = {11},
   pages = {197-200},
   title = {Strong coupling in a single quantum dot–semiconductor microcavity system},
   volume = {432},
   year = {2004},
}

@article{Michler2000,
   author = {P. Michler and A. Kiraz and C. Becher and W. V. Schoenfeld and P. M. Petroff and Lidong Zhang and E. Hu and A. Imamoglu},
   doi = {10.1126/science.290.5500.2282},
   issn = {0036-8075},
   issue = {5500},
   journal = {Science},
   month = {12},
   pages = {2282-2285},
   title = {A Quantum Dot Single-Photon Turnstile Device},
   volume = {290},
   year = {2000},
}

@article{Poem2010,
   author = {E. Poem and Y. Kodriano and C. Tradonsky and N. H. Lindner and B. D. Gerardot and P. M. Petroff and D. Gershoni},
   doi = {10.1038/nphys1812},
   issn = {1745-2473},
   issue = {12},
   journal = {Nature Physics},
   month = {12},
   pages = {993-997},
   title = {Accessing the dark exciton with light},
   volume = {6},
   year = {2010},
}

@article{Bayer2000,
   author = {M. Bayer and O. Stern and A. Kuther and A. Forchel},
   doi = {10.1103/PhysRevB.61.7273},
   issn = {0163-1829},
   issue = {11},
   journal = {Physical Review B},
   month = {3},
   pages = {7273-7276},
   title = {Spectroscopic study of dark excitons in $\text{In}_x \text{Ga}_{1-x} \text{As}$ self-assembled quantum dots by a magnetic-field-induced symmetry breaking},
   volume = {61},
   year = {2000},
}

@article{Kubanek2008,
   author = {A. Kubanek and A. Ourjoumtsev and I. Schuster and M. Koch and P. W. H. Pinkse and K. Murr and G. Rempe},
   doi = {10.1103/PhysRevLett.101.203602},
   issn = {0031-9007},
   issue = {20},
   journal = {Physical Review Letters},
   month = {11},
   pages = {203602},
   title = {Two-Photon Gateway in One-Atom Cavity Quantum Electrodynamics},
   volume = {101},
   year = {2008},
}

@article{Ota2011,
   author = {Yasutomo Ota and Satoshi Iwamoto and Naoto Kumagai and Yasuhiko Arakawa},
   doi = {10.1103/PhysRevLett.107.233602},
   issn = {0031-9007},
   issue = {23},
   journal = {Physical Review Letters},
   month = {11},
   pages = {233602},
   title = {Spontaneous Two-Photon Emission from a Single Quantum Dot},
   volume = {107},
   url = {https://link.aps.org/doi/10.1103/PhysRevLett.107.233602},
   year = {2011},
}

@article{Gauthier1992,
   author = {Daniel J. Gauthier and Qilin Wu and S. E. Morin and T. W. Mossberg},
   doi = {10.1103/PhysRevLett.68.464},
   issn = {0031-9007},
   issue = {4},
   journal = {Physical Review Letters},
   month = {1},
   pages = {464-467},
   title = {Realization of a continuous-wave, two-photon optical laser},
   volume = {68},
   year = {1992},
}

@article{DAngelo2001,
   author = {Milena D'Angelo and Maria V. Chekhova and Yanhua Shih},
   doi = {10.1103/PhysRevLett.87.013602},
   issn = {0031-9007},
   issue = {1},
   journal = {Physical Review Letters},
   month = {6},
   pages = {013602},
   title = {Two-Photon Diffraction and Quantum Lithography},
   volume = {87},
   year = {2001},
}

@article{Afek2010,
   author = {Itai Afek and Oron Ambar and Yaron Silberberg},
   doi = {10.1126/science.1188172},
   issn = {0036-8075},
   issue = {5980},
   journal = {Science},
   month = {5},
   pages = {879-881},
   title = {High-NOON States by Mixing Quantum and Classical Light},
   volume = {328},
   year = {2010},
}

@article{Muñoz2014,
   author = {C. Sánchez Muñoz and E. del Valle and A. González Tudela and K. Müller and S. Lichtmannecker and M. Kaniber and C. Tejedor and J. J. Finley and F. P. Laussy},
   doi = {10.1038/nphoton.2014.114},
   issn = {1749-4885},
   issue = {7},
   journal = {Nature Photonics},
   month = {7},
   pages = {550-555},
   title = {Emitters of N-photon bundles},
   volume = {8},
   year = {2014},
}

@article{Gustafsson2014,
   author = {Martin V. Gustafsson and Thomas Aref and Anton Frisk Kockum and Maria K. Ekström and Göran Johansson and Per Delsing},
   doi = {10.1126/science.1257219},
   issn = {0036-8075},
   issue = {6206},
   journal = {Science},
   month = {10},
   pages = {207-211},
   title = {Propagating phonons coupled to an artificial atom},
   volume = {346},
   year = {2014},
}

@article{Borri2001,
   author = {P. Borri and W. Langbein and S. Schneider and U. Woggon and R. Sellin and D. Ouyang and D. Bimberg},
   doi = {10.1103/PhysRevLett.87.157401},
   issn = {0031-9007},
   issue = {15},
   journal = {Physical Review Letters},
   month = {9},
   pages = {157401},
   title = {Ultralong Dephasing Time in InGaAs Quantum Dots},
   volume = {87},
   year = {2001},
}

@article{Kabuss2012,
   author = {Julia Kabuss and Alexander Carmele and Tobias Brandes and Andreas Knorr},
   doi = {10.1103/PhysRevLett.109.054301},
   issn = {0031-9007},
   issue = {5},
   journal = {Physical Review Letters},
   month = {7},
   pages = {054301},
   title = {Optically Driven Quantum Dots as Source of Coherent Cavity Phonons: A Proposal for a Phonon Laser Scheme},
   volume = {109},
   year = {2012},
}

@article{Lemonde2018,
   author = {M.-A. Lemonde and S. Meesala and A. Sipahigil and M. J. A. Schuetz and M. D. Lukin and M. Loncar and P. Rabl},
   doi = {10.1103/PhysRevLett.120.213603},
   issn = {0031-9007},
   issue = {21},
   journal = {Physical Review Letters},
   month = {5},
   pages = {213603},
   title = {Phonon Networks with Silicon-Vacancy Centers in Diamond Waveguides},
   volume = {120},
   year = {2018},
}

@article{Hartke2018,
   author = {T. R. Hartke and Y.-Y. Liu and M. J. Gullans and J. R. Petta},
   doi = {10.1103/PhysRevLett.120.097701},
   issn = {0031-9007},
   issue = {9},
   journal = {Physical Review Letters},
   month = {2},
   pages = {097701},
   title = {Microwave Detection of Electron-Phonon Interactions in a Cavity-Coupled Double Quantum Dot},
   volume = {120},
   year = {2018},
}

@article{Chu2018,
   author = {Yiwen Chu and Prashanta Kharel and Taekwan Yoon and Luigi Frunzio and Peter T. Rakich and Robert J. Schoelkopf},
   doi = {10.1038/s41586-018-0717-7},
   issn = {0028-0836},
   issue = {7733},
   journal = {Nature},
   month = {11},
   pages = {666-670},
   title = {Creation and control of multi-phonon Fock states in a bulk acoustic-wave resonator},
   volume = {563},
   year = {2018},
}

@article{Toyoda2015,
   author = {Kenji Toyoda and Ryoto Hiji and Atsushi Noguchi and Shinji Urabe},
   doi = {10.1038/nature15735},
   issn = {0028-0836},
   issue = {7576},
   journal = {Nature},
   month = {11},
   pages = {74-77},
   title = {Hong–Ou–Mandel interference of two phonons in trapped ions},
   volume = {527},
   year = {2015},
}

@article{Chu2011,
   author = {Xueying Chu and Xia Hong and Peng Zou and Jing Men and Yichun Liu},
   doi = {10.1063/1.3601917},
   issn = {0003-6951},
   issue = {25},
   journal = {Applied Physics Letters},
   month = {6},
   pages = {253703},
   title = {Ultrasensitive protein detection in terms of multiphonon resonance Raman scattering in ZnS nanocrystals},
   volume = {98},
   year = {2011},
}

@article{Zhang2018,
   author = {Junhua Zhang and Mark Um and Dingshun Lv and Jing-Ning Zhang and Lu-Ming Duan and Kihwan Kim},
   doi = {10.1103/PhysRevLett.121.160502},
   issn = {0031-9007},
   issue = {16},
   journal = {Physical Review Letters},
   month = {10},
   pages = {160502},
   title = {NOON States of Nine Quantized Vibrations in Two Radial Modes of a Trapped Ion},
   volume = {121},
   year = {2018},
}

@article{Lupke2022,
   author = {Uwe von Lüpke and Yu Yang and Marius Bild and Laurent Michaud and Matteo Fadel and Yiwen Chu},
   doi = {10.1038/s41567-022-01591-2},
   issn = {1745-2473},
   issue = {7},
   journal = {Nature Physics},
   month = {7},
   pages = {794-799},
   title = {Parity measurement in the strong dispersive regime of circuit quantum acoustodynamics},
   volume = {18},
   year = {2022},
}

@article{Kettler2021,
   author = {Jan Kettler and Nitika Vaish and Laure Mercier de Lépinay and Benjamin Besga and Pierre-Louis de Assis and Olivier Bourgeois and Alexia Auffèves and Maxime Richard and Julien Claudon and Jean-Michel Gérard and Benjamin Pigeau and Olivier Arcizet and Pierre Verlot and Jean-Philippe Poizat},
   doi = {10.1038/s41565-020-00814-y},
   issn = {1748-3387},
   issue = {3},
   journal = {Nature Nanotechnology},
   month = {3},
   pages = {283-287},
   title = {Inducing micromechanical motion by optical excitation of a single quantum dot},
   volume = {16},
   year = {2021},
}

@article{Wigger2021,
   author = {Daniel Wigger and Matthias Weiß and Michelle Lienhart and Kai Müller and Jonathan J. Finley and Tilmann Kuhn and Hubert J. Krenner and Paweł Machnikowski},
   doi = {10.1103/PhysRevResearch.3.033197},
   issn = {2643-1564},
   issue = {3},
   journal = {Physical Review Research},
   month = {8},
   pages = {033197},
   title = {Resonance-fluorescence spectral dynamics of an acoustically modulated quantum dot},
   volume = {3},
   year = {2021},
}

@article{Wan2021,
   author = {Kianna Wan and Soonwon Choi and Isaac H. Kim and Noah Shutty and Patrick Hayden},
   doi = {10.1103/PRXQuantum.2.040345},
   issn = {2691-3399},
   issue = {4},
   journal = {PRX Quantum},
   month = {12},
   pages = {040345},
   title = {Fault-Tolerant Qubit from a Constant Number of Components},
   volume = {2},
   year = {2021},
}

@article{Ask2019,
   author = {Andreas Ask and Maria Ekström and Per Delsing and Göran Johansson},
   doi = {10.1103/PhysRevA.99.013840},
   issn = {2469-9926},
   issue = {1},
   journal = {Physical Review A},
   month = {1},
   pages = {013840},
   title = {Cavity-free vacuum-Rabi splitting in circuit quantum acoustodynamics},
   volume = {99},
   year = {2019},
}


@article{Arrangoiz2018,
   author = {Patricio Arrangoiz-Arriola and E. Alex Wollack and Marek Pechal and Jeremy D. Witmer and Jeff T. Hill and Amir H. Safavi-Naeini},
   doi = {10.1103/PhysRevX.8.031007},
   issn = {2160-3308},
   issue = {3},
   journal = {Physical Review X},
   month = {7},
   pages = {031007},
   title = {Coupling a Superconducting Quantum Circuit to a Phononic Crystal Defect Cavity},
   volume = {8},
   year = {2018},
}

@article{Bayer2002,
   author = {M. Bayer and G. Ortner and O. Stern and A. Kuther and A. A. Gorbunov and A. Forchel and P. Hawrylak and S. Fafard and K. Hinzer and T. L. Reinecke and S. N. Walck and J. P. Reithmaier and F. Klopf and F. Schäfer},
   doi = {10.1103/PhysRevB.65.195315},
   issn = {0163-1829},
   issue = {19},
   journal = {Physical Review B},
   month = {5},
   pages = {195315},
   title = {Fine structure of neutral and charged excitons in self-assembled In(Ga)As/(Al)GaAs quantum dots},
   volume = {65},
   year = {2002},
}

@article{Kim2011,
   author = {Hyochul Kim and Thomas C. Shen and Deepak Sridharan and Glenn S. Solomon and Edo Waks},
   doi = {10.1063/1.3562344},
   issn = {0003-6951},
   issue = {9},
   journal = {Applied Physics Letters},
   month = {2},
   pages = {091102},
   title = {Magnetic field tuning of a quantum dot strongly coupled to a photonic crystal cavity},
   volume = {98},
   year = {2011},
}

@article{Belhadj2009,
   author = {Thomas Belhadj and Claire-Marie Simon and Thierry Amand and Pierre Renucci and Beatrice Chatel and Olivier Krebs and Aristide Lemaître and Paul Voisin and Xavier Marie and Bernhard Urbaszek},
   doi = {10.1103/PhysRevLett.103.086601},
   issn = {0031-9007},
   issue = {8},
   journal = {Physical Review Letters},
   month = {8},
   pages = {086601},
   title = {Controlling the Polarization Eigenstate of a Quantum Dot Exciton with Light},
   volume = {103},
   year = {2009},
}

@article{Blockley1992,
   author = {C. A Blockley and D. F Walls and H Risken},
   doi = {10.1209/0295-5075/17/6/006},
   issn = {0295-5075},
   issue = {6},
   journal = {Europhysics Letters (EPL)},
   month = {2},
   pages = {509-514},
   title = {Quantum Collapses and Revivals in a Quantized Trap},
   volume = {17},
   year = {1992},
}

@article{Woods2004,
   author = {L. M. Woods and T. L. Reinecke and R. Kotlyar},
   doi = {10.1103/PhysRevB.69.125330},
   issn = {1098-0121},
   issue = {12},
   journal = {Physical Review B},
   month = {3},
   pages = {125330},
   title = {Hole spin relaxation in quantum dots},
   volume = {69},
   year = {2004},
}

@article{Roszak2007,
   author = {K. Roszak and V. M. Axt and T. Kuhn and P. Machnikowski},
   doi = {10.1103/PhysRevB.76.195324},
   issn = {1098-0121},
   issue = {19},
   journal = {Physical Review B},
   month = {11},
   pages = {195324},
   title = {Exciton spin decay in quantum dots to bright and dark states},
   volume = {76},
   year = {2007},
}

@book{Breuer2007,
   author = {Heinz-Peter Breuer and Francesco Petruccione},
   doi = {10.1093/acprof:oso/9780199213900.001.0001},
   isbn = {0199213909},
   month = {1},
   publisher = {Oxford University PressOxford},
   title = {The Theory of Open Quantum Systems},
   year = {2007},
}

@article{Crooker2003,
   author = {S. A. Crooker and T. Barrick and J. A. Hollingsworth and V. I. Klimov},
   doi = {10.1063/1.1570923},
   issn = {0003-6951},
   issue = {17},
   journal = {Applied Physics Letters},
   month = {4},
   pages = {2793-2795},
   title = {Multiple temperature regimes of radiative decay in CdSe nanocrystal quantum dots: Intrinsic limits to the dark-exciton lifetime},
   volume = {82},
   year = {2003},
}

@article{Zhang2014,
   author = {Wen Zhang and Zhongyuan Yu and Yumin Liu and Yiwei Peng},
   doi = {10.1364/JOSAB.31.000296},
   issn = {0740-3224},
   issue = {2},
   journal = {Journal of the Optical Society of America B},
   month = {2},
   pages = {296},
   title = {Optical nonlinearity in a quantum dot–microcavity system under an external magnetic field},
   volume = {31},
   year = {2014},
}

@article{Lüker2017,
   author = {S. L\"uker and T. Kuhn and D. E. Reiter},
   doi = {10.1103/PhysRevB.95.195305},
   issn = {2469-9950},
   issue = {19},
   journal = {Physical Review B},
   month = {5},
   pages = {195305},
   title = {Phonon-assisted dark exciton preparation in a quantum dot},
   volume = {95},
   year = {2017},
}

@article{Strekalov2014,
   author = {Dmitry V. Strekalov},
   doi = {10.1038/nphoton.2014.144},
   issn = {1749-4885},
   issue = {7},
   journal = {Nature Photonics},
   month = {7},
   pages = {500-501},
   title = {A bundle of photons, please},
   volume = {8},
   year = {2014},
}

@article{Stock2011,
   author = {Erik Stock and Matthias-Rene Dachner and Till Warming and Andrei Schliwa and Anatol Lochmann and Axel Hoffmann and Aleksandr I. Toropov and Askhat K. Bakarov and Ilya A. Derebezov and Marten Richter and Vladimir A. Haisler and Andreas Knorr and Dieter Bimberg},
   doi = {10.1103/PhysRevB.83.041304},
   issn = {1098-0121},
   issue = {4},
   journal = {Physical Review B},
   month = {1},
   pages = {041304},
   title = {Acoustic and optical phonon scattering in a single In(Ga)As quantum dot},
   volume = {83},
   year = {2011},
}

@article{Bienfait2019,
   author = {A. Bienfait and K. J. Satzinger and Y. P. Zhong and H. S. Chang and M. H. Chou and C. R. Conner and \'E. Dumur and J. Grebel and G. A. Peairs and R. G. Povey and A. N. Cleland},
   doi = {10.1126/science.aaw8415},
   issn = {0036-8075},
   issue = {6438},
   journal = {Science},
   month = {4},
   pages = {368-371},
   title = {Phonon-mediated quantum state transfer and remote qubit entanglement},
   volume = {364},
   year = {2019},
}

@article{Weib2018,
   author = {Matthias Weiß and Hubert J Krenner},
   doi = {10.1088/1361-6463/aace3c},
   issn = {0022-3727},
   issue = {37},
   journal = {Journal of Physics D: Applied Physics},
   month = {9},
   pages = {373001},
   title = {Interfacing quantum emitters with propagating surface acoustic waves},
   volume = {51},
   year = {2018},
}

@article{Perea2004,
   author = {J. I. Perea and D. Porras and C. Tejedor},
   doi = {10.1103/PhysRevB.70.115304},
   issn = {1098-0121},
   issue = {11},
   journal = {Physical Review B},
   month = {9},
   pages = {115304},
   title = {Dynamics of the excitations of a quantum dot in a microcavity},
   volume = {70},
   year = {2004},
}

@article{Manzano2018,
   author = {D. Manzano and P.I. Hurtado},
   doi = {10.1080/00018732.2018.1519981},
   issn = {0001-8732},
   issue = {1},
   journal = {Advances in Physics},
   month = {1},
   pages = {1-67},
   title = {Harnessing symmetry to control quantum transport},
   volume = {67},
   year = {2018},
}
