@phdthesis{Vargas2018,
author = {Vargas-Calder√≥n, Vladimir},
year = {2018},
month = {05},
pages = {},
title = {Phonon-assisted tunnelling in double quantum dot molecules immersed in a microcavity},
doi = {10.13140/RG.2.2.31486.23360/1}
}